@article{aguinis2012conducting,
  title={Conducting field experiments using eLancing's natural environment},
  author={Aguinis, Herman and Lawal, Sola O},
  journal={Journal of Business Venturing},
  volume={27},
  number={4},
  pages={493--505},
  year={2012},
  publisher={Elsevier}
}

@article{behrend2011viability,
  title={The viability of crowdsourcing for survey research},
  author={Behrend, Tara S and Sharek, David J and Meade, Adam W and Wiebe, Eric N},
  journal={Behavior research methods},
  volume={43},
  number={3},
  pages={800},
  year={2011},
  publisher={Springer}
}

@article{bergman2016have,
  title={Where have all the “workers” gone? A critical analysis of the unrepresentativeness of our samples relative to the labor market in the industrial--organizational psychology literature},
  author={Bergman, Mindy E and Jean, Vanessa A},
  journal={Industrial and Organizational Psychology},
  volume={9},
  number={01},
  pages={84--113},
  year={2016},
  publisher={Cambridge Univ Press}
}

@article{paolacci2014inside,
  title={Inside the Turk: Understanding Mechanical Turk as a participant pool},
  author={Paolacci, Gabriele and Chandler, Jesse},
  journal={Current Directions in Psychological Science},
  volume={23},
  number={3},
  pages={184--188},
  year={2014},
  publisher={Sage Publications Sage CA: Los Angeles, CA}
}

@article{shank2016using,
  title={Using crowdsourcing websites for sociological research: The case of Amazon Mechanical Turk},
  author={Shank, Daniel B},
  journal={The American Sociologist},
  volume={47},
  number={1},
  pages={47--55},
  year={2016},
  publisher={Springer}
}

@article{crump2013evaluating,
  title={Evaluating Amazon's Mechanical Turk as a tool for experimental behavioral research},
  author={Crump, Matthew JC and McDonnell, John V and Gureckis, Todd M},
  journal={PloS one},
  volume={8},
  number={3},
  pages={e57410},
  year={2013},
  publisher={Public Library of Science}
}

@article{simons2012common,
  title={Common (mis) beliefs about memory: A replication and comparison of telephone and Mechanical Turk survey methods},
  author={Simons, Daniel J and Chabris, Christopher F},
  journal={PloS one},
  volume={7},
  number={12},
  pages={e51876},
  year={2012},
  publisher={Public Library of Science}
}

@article{yarkoni2015interactions,
  title={Interactions between donor Agreeableness and recipient characteristics in predicting charitable donation and positive social evaluation},
  author={Yarkoni, Tal and Ashar, Yoni K and Wager, Tor D},
  journal={PeerJ},
  volume={3},
  pages={e1089},
  year={2015},
  publisher={PeerJ Inc.}
}

@article{landers2015inconvenient,
  title={An inconvenient truth: Arbitrary distinctions between organizational, Mechanical Turk, and other convenience samples},
  author={Landers, Richard N and Behrend, Tara S},
  journal={Industrial and Organizational Psychology},
  volume={8},
  number={02},
  pages={142--164},
  year={2015},
  publisher={Cambridge Univ Press}
}

@article{woo2015amazon,
  title={Amazon Mechanical Turk for industrial and organizational psychology: Advantages, challenges, and practical recommendations},
  author={Woo, Sang Eun and Keith, Melissa and Thornton, Meghan A},
  journal={Industrial and Organizational Psychology},
  volume={8},
  number={02},
  pages={171--179},
  year={2015},
  publisher={Cambridge Univ Press}
}

@book{pathak2008methodology,
  title={Methodology of educational research},
  author={Pathak, Ramesh Prasad},
  year={2008},
  publisher={Atlantic Publishers \& Dist}
}

@article{griggs2016these,
  title={Who Are These Workers, Anyway?},
  author={Griggs, Tracy L and Eby, Lillian T and Maupin, Cynthia K and Conley, Kate M and Williamson, Rachel L and Griek, Olivia H Vande and Clauson, Muriel G},
  journal={Industrial and Organizational Psychology},
  volume={9},
  number={01},
  pages={114--121},
  year={2016},
  publisher={Cambridge Univ Press}
}

@article{goodman2013data,
  title={Data collection in a flat world: The strengths and weaknesses of Mechanical Turk samples},
  author={Goodman, Joseph K and Cryder, Cynthia E and Cheema, Amar},
  journal={Journal of Behavioral Decision Making},
  volume={26},
  number={3},
  pages={213--224},
  year={2013},
  publisher={Wiley Online Library}
}

@article{paolacci2010running,
  title={Running experiments on amazon mechanical turk},
  author={Paolacci, Gabriele and Chandler, Jesse and Ipeirotis, Panagiotis G},
  year={2010}
}

@article{mason2012conducting,
  title={Conducting behavioral research on Amazon’s Mechanical Turk},
  author={Mason, Winter and Suri, Siddharth},
  journal={Behavior research methods},
  volume={44},
  number={1},
  pages={1--23},
  year={2012},
  publisher={Springer}
}

@article{buhrmester2011amazon,
  title={Amazon's Mechanical Turk a new source of inexpensive, yet high-quality, data?},
  author={Buhrmester, Michael and Kwang, Tracy and Gosling, Samuel D},
  journal={Perspectives on psychological science},
  volume={6},
  number={1},
  pages={3--5},
  year={2011},
  publisher={Sage Publications}
}

@article{chiao2010weirdest,
  title={The weirdest brains in the world},
  author={Chiao, Joan Y and Cheon, Bobby K},
  journal={Behavioral and Brain Sciences},
  volume={33},
  number={2-3},
  pages={88--90},
  year={2010},
  publisher={Cambridge Univ Press}
}

@article{newman2015external,
  title={External validity and multi-organization samples: Levels-of-analysis implications of crowdsourcing and college student samples},
  author={Newman, Daniel A and Joseph, Dana L and Feitosa, Jennifer},
  journal={Industrial and Organizational Psychology},
  volume={8},
  number={02},
  pages={214--220},
  year={2015},
  publisher={Cambridge Univ Press}
}

@article{how2009dr,
  title={Dr. StrangeLOVE, or},
  author={How, I and Meade, Adam W and Behrend, Tara S and Lance, Charles E},
  journal={Statistical and Methodological Myths and Urban Legends: Doctrine, Verity and Fable in the Organizational and Social Sciences},
  pages={89},
  year={2009},
  publisher={Taylor \& Francis}
}

@article{judge2015person,
  title={The person--situation debate revisited: Effect of situation strength and trait activation on the validity of the Big Five personality traits in predicting job performance},
  author={Judge, Timothy A and Zapata, Cindy P},
  journal={Academy of Management Journal},
  volume={58},
  number={4},
  pages={1149--1179},
  year={2015},
  publisher={Academy of Management}
}
@Manual{R-base,
  title = {R: A Language and Environment for Statistical Computing},
  author = {{R Core Team}},
  organization = {R Foundation for Statistical Computing},
  address = {Vienna, Austria},
  year = {2016},
  url = {https://www.R-project.org/},
}
@Manual{R-papaja,
  author = {Frederik Aust and Marius Barth},
  title = {papaja: Create APA manuscripts with RMarkdown},
  year = {2016},
  note = {R package version 0.1.0.9440},
  url = {https://github.com/crsh/papaja},
}
@Manual{R-data.table,
  title = {data.table: Extension of Data.frame},
  author = {M Dowle and A Srinivasan and T Short and S Lianoglou with contributions from R Saporta and E Antonyan},
  year = {2015},
  note = {R package version 1.9.6},
  url = {https://CRAN.R-project.org/package=data.table},
}
@Manual{R-readr,
  title = {readr: Read Tabular Data},
  author = {Hadley Wickham and Romain Francois},
  year = {2015},
  note = {R package version 0.2.2},
  url = {https://CRAN.R-project.org/package=readr},
}
@Manual{R-readxl,
  title = {readxl: Read Excel Files},
  author = {Hadley Wickham},
  year = {2016},
  note = {R package version 0.1.1},
  url = {https://CRAN.R-project.org/package=readxl},
}
@Manual{R-binom,
  title = {binom: Binomial Confidence Intervals For Several Parameterizations},
  author = {Sundar Dorai-Raj},
  year = {2014},
  note = {R package version 1.1-1},
  url = {https://CRAN.R-project.org/package=binom},
}
@Manual{R-apa,
  title = {apa: Format Outputs of Statistical Tests According to APA Guidelines},
  author = {Daniel Gromer},
  note = {R package version 0.2.0},
  url = {https://github.com/dgromer/apa},
}
@Manual{R-devtools,
  title = {devtools: Tools to Make Developing R Packages Easier},
  author = {Hadley Wickham and Winston Chang},
  year = {2016},
  note = {R package version 1.11.1},
  url = {https://CRAN.R-project.org/package=devtools},
}
